<?xml version="1.0" encoding="UTF-8"?><record xmlns="http://www.loc.gov/MARC21/slim" xmlns:cinclude="http://apache.org/cocoon/include/1.0" xmlns:zs="http://www.loc.gov/zing/srw/">
  <leader>00533nz  a2200157n  4500</leader>
  <controlfield tag="001">no2009161560</controlfield>
  <controlfield tag="003">DLC</controlfield>
  <controlfield tag="005">20091013145436.0</controlfield>
  <controlfield tag="008">091009n| acannaabn          |a aaa     c</controlfield>
  <datafield tag="010" ind1=" " ind2=" ">
    <subfield code="a">no2009161560</subfield>
  </datafield>
  <datafield tag="035" ind1=" " ind2=" ">
    <subfield code="a">(OCoLC)oca08267524</subfield>
  </datafield>
  <datafield tag="040" ind1=" " ind2=" ">
    <subfield code="a">Nd</subfield>
    <subfield code="b">eng</subfield>
    <subfield code="c">Nd</subfield>
  </datafield>
  <datafield tag="100" ind1="1" ind2=" ">
    <subfield code="a">Mockel, Myrtle Simpson</subfield>
  </datafield>
  <datafield tag="400" ind1="1" ind2=" ">
    <subfield code="a">Simpson Mockel, Myrtle</subfield>
  </datafield>
  <datafield tag="670" ind1=" " ind2=" ">
    <subfield code="a">Half-wild and half-breed, c1974:</subfield>
    <subfield code="b">t.p. (Myrtle Mockel) p. 104 (Myrtle Simpson Mockel)</subfield>
  </datafield>
  <datafield tag="670" ind1=" " ind2=" ">
    <subfield code="a">OCLC, June 9, 2009</subfield>
    <subfield code="b">(hdg.: Mockel, Myrtle Simpson; usage: Myrtle Mockel, Myrtle Simpson Mockel)</subfield>
  </datafield>
</record>